<?xml version="1.0" encoding="UTF-8"?><record xmlns="http://www.loc.gov/MARC21/slim" xmlns:cinclude="http://apache.org/cocoon/include/1.0" xmlns:zs="http://www.loc.gov/zing/srw/">
  <leader>00598cz  a2200169n  4500</leader>
  <controlfield tag="001">no2005083236</controlfield>
  <controlfield tag="003">DLC</controlfield>
  <controlfield tag="005">20130101075416.0</controlfield>
  <controlfield tag="008">050907n| azannaabn          |a aaa     c</controlfield>
  <datafield tag="010" ind1=" " ind2=" ">
    <subfield code="a">no2005083236</subfield>
  </datafield>
  <datafield tag="035" ind1=" " ind2=" ">
    <subfield code="a">(OCoLC)oca06726366</subfield>
  </datafield>
  <datafield tag="040" ind1=" " ind2=" ">
    <subfield code="a">ICU</subfield>
    <subfield code="b">eng</subfield>
    <subfield code="c">ICU</subfield>
    <subfield code="d">DLC</subfield>
    <subfield code="e">rda</subfield>
  </datafield>
  <datafield tag="046" ind1=" " ind2=" ">
    <subfield code="f">19720922</subfield>
  </datafield>
  <datafield tag="100" ind1="1" ind2=" ">
    <subfield code="a">Botma, Engbert Doede,</subfield>
    <subfield code="d">1972-</subfield>
  </datafield>
  <datafield tag="400" ind1="1" ind2=" ">
    <subfield code="a">Botma, Bert,</subfield>
    <subfield code="d">1972-</subfield>
  </datafield>
  <datafield tag="670" ind1=" " ind2=" ">
    <subfield code="a">Phonological aspects of nasality, 2004:</subfield>
    <subfield code="b">t.p. (Engbert Doede Botma) cover etc. (Bert Botma, b. 22 Sept. 1972)</subfield>
  </datafield>
  <datafield tag="670" ind1=" " ind2=" ">
    <subfield code="a">Bloomsbury Companion to Phonology, 2013:</subfield>
    <subfield code="b">ECIP t.p. (Bert Botma) data view (Phonology professor)</subfield>
  </datafield>
</record>